@article{gilmer2017mpnn,
  title={Neural message passing for quantum chemistry},
  author={Gilmer, Justin and Schoenholz, Samuel S and Riley, Patrick F and Vinyals, Oriol and Dahl, George E},
  journal={arXiv preprint arXiv:1704.01212},
  year={2017}
}

@article{kipf2017gcn,
  title={Semi-supervised classification with graph convolutional networks},
  author={Kipf, Thomas N and Welling, Max},
  journal={arXiv preprint arXiv:1609.02907},
  year={2017}
}

@inproceedings{hamilton2017graphsage,
  title={Inductive representation learning on large graphs},
  author={Hamilton, William L and Ying, Zhitao and Leskovec, Jure},
  booktitle={Proceedings of the 31st International Conference on Neural Information Processing Systems},
  year={2017}
}

@article{velivckovic2018gat,
  title={Graph Attention Networks},
  author={Veli{\v{c}}kovi{\'c}, Petar and Cucurull, Guillem and Casanova, Arant{\'o}n and Romero, Adriana and Lio, Pietro and Bengio, Yoshua},
  journal={arXiv preprint arXiv:1710.10903},
  year={2018}
}

@article{distill_gnn_intro,
  title={A Gentle Introduction to Graph Neural Networks},
  author={Bronstein, Michael M. and Bruna, Joan and Cohen, Taco and Veli{\v{c}}kovi{\'c}, Petar},
  journal={arXiv preprint arXiv:2104.13478},
  year={2021},
  note={Available at Distill: \url{https://distill.pub/2021/gnn-intro/}}
}

@article{distill_bottlenecks,
  title={Understanding Oversquashing and Bottlenecks in GNNs},
  author={Alon, Uri and Yahav, Eran},
  journal={arXiv preprint arXiv:2106.05237},
  year={2021},
  note={Available at Distill: \url{https://distill.pub/2021/understanding-gnns/}}
}

@article{ollivier2009ricci,
  title={Ricci curvature of Markov chains on metric spaces},
  author={Ollivier, Yann},
  journal={Journal of Functional Analysis},
  volume={256},
  number={3},
  pages={810--864},
  year={2009}
}

@article{forman2003bochner,
  title={Bochner's Method for Cell Complexes and Combinatorial Ricci Curvature},
  author={Forman, Robin},
  journal={Discrete \& Computational Geometry},
  volume={29},
  pages={323--374},
  year={2003}
}
