@misc{placeholder,
  title = {Placeholder Reference},
  author = {Laoukili, Ilias},
  year = {2024},
  note = {Replace with actual references as needed.}
}
